@inproceedings{brakerski2011fully,
  title={Fully homomorphic encryption from ring-LWE and security for key dependent messages},
  author={Brakerski, Zvika and Vaikuntanathan, Vinod},
  booktitle={Annual cryptology conference},
  pages={505--524},
  year={2011},
  organization={Springer}
}

@inproceedings{damgaard2012multiparty,
  title={Multiparty computation from somewhat homomorphic encryption},
  author={Damg{\aa}rd, Ivan and Pastro, Valerio and Smart, Nigel and Zakarias, Sarah},
  booktitle={Annual Cryptology Conference},
  pages={643--662},
  year={2012},
  organization={Springer}
}

@inproceedings{gentry2009fully,
  title={Fully homomorphic encryption using ideal lattices},
  author={Gentry, Craig},
  booktitle={Proceedings of the forty-first annual ACM symposium on Theory of computing},
  pages={169--178},
  year={2009}
}